@comment{x-kbibtex-personnameformatting=<%l><, %f>}

@article{chen2016deeplab,
  title={Deeplab: Semantic image segmentation with deep convolutional nets, atrous convolution, and fully connected crfs},
  author={Chen, Liang-Chieh and Papandreou, George and Kokkinos, Iasonas and Murphy, Kevin and Yuille, Alan L},
  journal={arXiv preprint arXiv:1606.00915},
  year={2016}
}

@article{paszke2016enet,
	title={Enet: A deep neural network architecture for real-time semantic segmentation},
	author={Paszke, Adam and Chaurasia, Abhishek and Kim, Sangpil and Culurciello, Eugenio},
	journal={arXiv preprint arXiv:1606.02147},
	year={2016}
}

@inproceedings{long2015fully,
	title={Fully convolutional networks for semantic segmentation},
	author={Long, Jonathan and Shelhamer, Evan and Darrell, Trevor},
	booktitle={Proceedings of the IEEE conference on computer vision and pattern recognition},
	pages={3431--3440},
	year={2015}
}

@inproceedings{noh2015learning,
	title={Learning deconvolution network for semantic segmentation},
	author={Noh, Hyeonwoo and Hong, Seunghoon and Han, Bohyung},
	booktitle={Proceedings of the IEEE International Conference on Computer Vision},
	pages={1520--1528},
	year={2015}
}

@article{yu2015multi,
	title={Multi-scale context aggregation by dilated convolutions},
	author={Yu, Fisher and Koltun, Vladlen},
	journal={arXiv preprint arXiv:1511.07122},
	year={2015}
}

@inproceedings{visin2016reseg,
	title={Reseg: A recurrent neural network-based model for semantic segmentation},
	author={Visin, Francesco and Romero, Adriana and Cho, Kyunghyun and Matteucci, Matteo and Ciccone, Marco and Kastner, Kyle and Bengio, Yoshua and Courville, Aaron},
	booktitle={Computer Vision and Pattern Recognition Workshops (CVPRW), 2016 IEEE Conference on},
	pages={426--433},
	year={2016},
	organization={IEEE}
}

@article{lecun1998gradient,
	title={Gradient-based learning applied to document recognition},
	author={LeCun, Yann and Bottou, L{\'e}on and Bengio, Yoshua and Haffner, Patrick},
	journal={Proceedings of the IEEE},
	volume={86},
	number={11},
	pages={2278--2324},
	year={1998},
	publisher={IEEE}
}

@inproceedings{krahenbuhl2011efficient,
	title={Efficient inference in fully connected crfs with gaussian edge potentials},
	author={Kr{\"a}henb{\"u}hl, Philipp and Koltun, Vladlen},
	booktitle={Advances in neural information processing systems},
	pages={109--117},
	year={2011}
}

@inproceedings{he2015delving,
	title={Delving deep into rectifiers: Surpassing human-level performance on imagenet classification},
	author={He, Kaiming and Zhang, Xiangyu and Ren, Shaoqing and Sun, Jian},
	booktitle={Proceedings of the IEEE international conference on computer vision},
	pages={1026--1034},
	year={2015}
}

@comment{Background}

@article{lecun1995convolutional,
	title={Convolutional networks for images, speech, and time series},
	author={LeCun, Yann and Bengio, Yoshua and others},
	journal={The handbook of brain theory and neural networks},
	volume={3361},
	number={10},
	pages={1995},
	year={1995}
}

@article{hubel1968receptive,
	title={Receptive fields and functional architecture of monkey striate cortex},
	author={Hubel, David H and Wiesel, Torsten N},
	journal={The Journal of physiology},
	volume={195},
	number={1},
	pages={215--243},
	year={1968},
	publisher={Wiley Online Library}
}

@article{shin2016deep,
	title={Deep convolutional neural networks for computer-aided detection: CNN architectures, dataset characteristics and transfer learning},
	author={Shin, Hoo-Chang and Roth, Holger R and Gao, Mingchen and Lu, Le and Xu, Ziyue and Nogues, Isabella and Yao, Jianhua and Mollura, Daniel and Summers, Ronald M},
	journal={IEEE transactions on medical imaging},
	volume={35},
	number={5},
	pages={1285--1298},
	year={2016},
	publisher={IEEE}
}


@comment{Datasets}

@inproceedings{cordts2015cityscapes,
	title={The cityscapes dataset},
	author={Cordts, Marius and Omran, Mohamed and Ramos, Sebastian and Scharw{\"a}chter, Timo and Enzweiler, Markus and Benenson, Rodrigo and Franke, Uwe and Roth, Stefan and Schiele, Bernt},
	booktitle={CVPR Workshop on the Future of Datasets in Vision},
	volume={1},
	number={2},
	pages={3},
	year={2015}
}

@article{everingham2015pascal,
	title={The pascal visual object classes challenge: A retrospective},
	author={Everingham, Mark and Eslami, SM Ali and Van Gool, Luc and Williams, Christopher KI and Winn, John and Zisserman, Andrew},
	journal={International journal of computer vision},
	volume={111},
	number={1},
	pages={98--136},
	year={2015},
	publisher={Springer}
}

@article{everingham2010pascal,
	title={The pascal visual object classes (voc) challenge},
	author={Everingham, Mark and Van Gool, Luc and Williams, Christopher KI and Winn, John and Zisserman, Andrew},
	journal={International journal of computer vision},
	volume={88},
	number={2},
	pages={303--338},
	year={2010},
	publisher={Springer}
}

@article{brostow2009semantic,
	title={Semantic object classes in video: A high-definition ground truth database},
	author={Brostow, Gabriel J and Fauqueur, Julien and Cipolla, Roberto},
	journal={Pattern Recognition Letters},
	volume={30},
	number={2},
	pages={88--97},
	year={2009},
	publisher={Elsevier}
}

@inproceedings{brostow2008segmentation,
	title={Segmentation and recognition using structure from motion point clouds},
	author={Brostow, Gabriel J and Shotton, Jamie and Fauqueur, Julien and Cipolla, Roberto},
	booktitle={European conference on computer vision},
	pages={44--57},
	year={2008},
	organization={Springer}
}


@inproceedings{deng2009imagenet,
	title={Imagenet: A large-scale hierarchical image database},
	author={Deng, Jia and Dong, Wei and Socher, Richard and Li, Li-Jia and Li, Kai and Fei-Fei, Li},
	booktitle={Computer Vision and Pattern Recognition, 2009. CVPR 2009. IEEE Conference on},
	pages={248--255},
	year={2009},
	organization={IEEE}
}


@inproceedings{richter2016playing,
	title={Playing for data: Ground truth from computer games},
	author={Richter, Stephan R and Vineet, Vibhav and Roth, Stefan and Koltun, Vladlen},
	booktitle={European Conference on Computer Vision},
	pages={102--118},
	year={2016},
	organization={Springer}
}


@comment{Future papers}

@inproceedings{pfeiffer2013exploiting,
	title={Exploiting the power of stereo confidences},
	author={Pfeiffer, David and Gehrig, Stefan and Schneider, Nicolai},
	booktitle={Computer Vision and Pattern Recognition (CVPR), 2013 IEEE Conference on},
	pages={297--304},
	year={2013},
	organization={IEEE}
}